<?xml version="1.0" encoding="UTF-8"?><record xmlns="http://www.loc.gov/MARC21/slim" xmlns:cinclude="http://apache.org/cocoon/include/1.0" xmlns:zs="http://www.loc.gov/zing/srw/">
  <leader>01198cz  a2200229n  4500</leader>
  <controlfield tag="001">n  90626867 </controlfield>
  <controlfield tag="003">DLC</controlfield>
  <controlfield tag="005">20140401073800.0</controlfield>
  <controlfield tag="008">900402n| azannaabn          |a aaa      </controlfield>
  <datafield tag="010" ind1=" " ind2=" ">
    <subfield code="a">n  90626867 </subfield>
  </datafield>
  <datafield tag="035" ind1=" " ind2=" ">
    <subfield code="a">(OCoLC)oca02717738</subfield>
  </datafield>
  <datafield tag="040" ind1=" " ind2=" ">
    <subfield code="a">DLC</subfield>
    <subfield code="b">eng</subfield>
    <subfield code="e">rda</subfield>
    <subfield code="c">DLC</subfield>
    <subfield code="d">DLC</subfield>
    <subfield code="d">OCoLC</subfield>
    <subfield code="d">NhD</subfield>
  </datafield>
  <datafield tag="046" ind1=" " ind2=" ">
    <subfield code="f">1923</subfield>
    <subfield code="g">2005</subfield>
  </datafield>
  <datafield tag="053" ind1=" " ind2="0">
    <subfield code="a">PS3535.A56274</subfield>
  </datafield>
  <datafield tag="100" ind1="1" ind2=" ">
    <subfield code="a">Randall, Julia,</subfield>
    <subfield code="d">1923-2005</subfield>
  </datafield>
  <datafield tag="400" ind1="1" ind2=" ">
    <subfield code="a">Sawyer, Julia Randall,</subfield>
    <subfield code="d">1923-2005</subfield>
  </datafield>
  <datafield tag="400" ind1="1" ind2=" ">
    <subfield code="a">Sawyer, Kenneth B.,</subfield>
    <subfield code="c">Mrs.,</subfield>
    <subfield code="d">1923-2005</subfield>
  </datafield>
  <datafield tag="670" ind1=" " ind2=" ">
    <subfield code="a">Rubin, L.D. Algonquin literary quiz book, 1990:</subfield>
    <subfield code="b">CIP t.p. (Julia Randall)</subfield>
  </datafield>
  <datafield tag="670" ind1=" " ind2=" ">
    <subfield code="a">LC data base, 04-02-90</subfield>
    <subfield code="b">(hdg.: Randall, Julia, 1923-)</subfield>
  </datafield>
  <datafield tag="670" ind1=" " ind2=" ">
    <subfield code="a">NUCMC data from Washington Univ. Libr. for Nemerov, H. Papers, 1939-1984</subfield>
    <subfield code="b">(Julia Randall Sawyer, 1923- ; American author)</subfield>
  </datafield>
  <datafield tag="670" ind1=" " ind2=" ">
    <subfield code="a">LC man. auth. cd.</subfield>
    <subfield code="b">(hdg.: Randall, Julia, 1923- ; Julia Randall; Mrs. Kenneth B. Sawyer, Jr.; BA from Bennington Coll. in 1945 and MA from Johns Hopkins Univ.; lived in Paris, teaching English in Overseas Div. of Univ. of Maryland; Julia (Van Ness - not used) Randall)</subfield>
  </datafield>
  <datafield tag="670" ind1=" " ind2=" ">
    <subfield code="a">Wikipedia WWW site, March 31, 2014</subfield>
    <subfield code="b">(Julia Randal, born 1924 in Baltimore, Maryland; died May 22, 2005 in Vermont; American poet)</subfield>
  </datafield>
</record>